
@book{rogers1967person,
  title={Person to person: The problem of being human: A new trend in psychology},
  author={Rogers, Carl Ransom and Stevens, Barry and Gendlin, Eugene T and Shlien, John M and Van Dusen, Wilson},
  year={1967},
  publisher={Real People Press Lafayette, CA}
}
